{
  "leader": "05012cam a2200565Ia 4500",
  "fields": [
    {
      "001": "ocm46959597\\"
    },
    {
      "003": "OCoLC"
    },
    {
      "005": "20220728125248.0"
    },
    {
      "006": "m\\\\\\\\\\\\\\\\u\\\\\\\\\\\\\\\\"
    },
    {
      "007": "cr\\|||||||||||"
    },
    {
      "008": "010501s2001\\\\\\\\nyua\\\\\\\\\\b\\\\\\\\001\\0\\eng\\\\"
    },
    {
      "010": {
        "ind1": "\\",
        "ind2": "\\",
        "subfields": [
          {
            "a": "  2001032347"
          }
        ]
      }
    },
    {
      "040": {
        "ind1": "\\",
        "ind2": "\\",
        "subfields": [
          {
            "a": "DLC"
          },
          {
            "b": "eng"
          },
          {
            "c": "DLC"
          },
          {
            "d": "C#P"
          },
          {
            "d": "SBH"
          },
          {
            "d": "VAM"
          },
          {
            "d": "NLM"
          },
          {
            "d": "LVB"
          },
          {
            "d": "BAKER"
          },
          {
            "d": "NLGGC"
          },
          {
            "d": "BTCTA"
          },
          {
            "d": "YDXCP"
          },
          {
            "d": "STF"
          },
          {
            "d": "AU@"
          },
          {
            "d": "IG#"
          },
          {
            "d": "DEBSZ"
          },
          {
            "d": "OCLCQ"
          },
          {
            "d": "TNF"
          },
          {
            "d": "BDX"
          },
          {
            "d": "OCLCF"
          },
          {
            "d": "OCLCQ"
          },
          {
            "d": "OCLCO"
          },
          {
            "d": "OCLCQ"
          },
          {
            "d": "OCLCO"
          },
          {
            "d": "OCLCQ"
          },
          {
            "d": "OCLCO"
          },
          {
            "d": "OCLCQ"
          },
          {
            "d": "MNG"
          },
          {
            "d": "OCLCQ"
          },
          {
            "d": "CSJ"
          },
          {
            "d": "DHA"
          },
          {
            "d": "OCLCQ"
          },
          {
            "d": "IOK"
          },
          {
            "d": "PAU"
          },
          {
            "d": "CPO"
          },
          {
            "d": "OCLCQ"
          },
          {
            "d": "PZR"
          },
          {
            "d": "OCLCQ"
          },
          {
            "d": "CNCGM"
          },
          {
            "d": "L2U"
          },
          {
            "d": "OCLCO"
          },
          {
            "d": "OCLCA"
          },
          {
            "d": "OCLCQ"
          },
          {
            "d": "SNU"
          },
          {
            "d": "Q2U"
          },
          {
            "d": "OCLCO"
          },
          {
            "d": "CUT"
          },
          {
            "d": "ERL"
          },
          {
            "d": "RC9"
          },
          {
            "d": "OCLCA"
          },
          {
            "d": "OCLCQ"
          },
          {
            "d": "OCLCO"
          }
        ]
      }
    },
    {
      "016": {
        "ind1": "7",
        "ind2": "\\",
        "subfields": [
          {
            "a": "101151754"
          },
          {
            "2": "DNLM"
          }
        ]
      }
    },
    {
      "019": {
        "ind1": "\\",
        "ind2": "\\",
        "subfields": [
          {
            "a": "223052427"
          },
          {
            "a": "1101644595"
          },
          {
            "a": "1154894019"
          },
          {
            "a": "1155320359"
          },
          {
            "a": "1157462038"
          },
          {
            "a": "1161736652"
          },
          {
            "a": "1162924347"
          },
          {
            "a": "1164057528"
          },
          {
            "a": "1165355079"
          },
          {
            "a": "1176073041"
          },
          {
            "a": "1182847921"
          },
          {
            "a": "1184649622"
          },
          {
            "a": "1196092754"
          },
          {
            "a": "1197646961"
          },
          {
            "a": "1198192105"
          },
          {
            "a": "1200169722"
          },
          {
            "a": "1200756868"
          },
          {
            "a": "1201545201"
          },
          {
            "a": "1201619586"
          },
          {
            "a": "1201628046"
          },
          {
            "a": "1201631064"
          },
          {
            "a": "1201806750"
          },
          {
            "a": "1201899559"
          },
          {
            "a": "1202621985"
          }
        ]
      }
    },
    {
      "020": {
        "ind1": "\\",
        "ind2": "\\",
        "subfields": [
          {
            "a": "0879696583"
          },
          {
            "q": "(electronic bk.)"
          }
        ]
      }
    },
    {
      "020": {
        "ind1": "\\",
        "ind2": "\\",
        "subfields": [
          {
            "a": "9780879696580"
          },
          {
            "q": "(electronic bk.)"
          }
        ]
      }
    },
    {
      "020": {
        "ind1": "\\",
        "ind2": "\\",
        "subfields": [
          {
            "a": "0879695870"
          },
          {
            "q": "(alk. paper)"
          }
        ]
      }
    },
    {
      "020": {
        "ind1": "\\",
        "ind2": "\\",
        "subfields": [
          {
            "a": "9780879695873"
          },
          {
            "q": "(alk. paper)"
          }
        ]
      }
    },
    {
      "035": {
        "ind1": "\\",
        "ind2": "\\",
        "subfields": [
          {
            "a": "(OCoLC)46959597"
          },
          {
            "z": "(OCoLC)223052427"
          },
          {
            "z": "(OCoLC)1101644595"
          },
          {
            "z": "(OCoLC)1154894019"
          },
          {
            "z": "(OCoLC)1155320359"
          },
          {
            "z": "(OCoLC)1157462038"
          },
          {
            "z": "(OCoLC)1161736652"
          },
          {
            "z": "(OCoLC)1162924347"
          },
          {
            "z": "(OCoLC)1164057528"
          },
          {
            "z": "(OCoLC)1165355079"
          },
          {
            "z": "(OCoLC)1176073041"
          },
          {
            "z": "(OCoLC)1182847921"
          },
          {
            "z": "(OCoLC)1184649622"
          },
          {
            "z": "(OCoLC)1196092754"
          },
          {
            "z": "(OCoLC)1197646961"
          },
          {
            "z": "(OCoLC)1198192105"
          },
          {
            "z": "(OCoLC)1200169722"
          },
          {
            "z": "(OCoLC)1200756868"
          },
          {
            "z": "(OCoLC)1201545201"
          },
          {
            "z": "(OCoLC)1201619586"
          },
          {
            "z": "(OCoLC)1201628046"
          },
          {
            "z": "(OCoLC)1201631064"
          },
          {
            "z": "(OCoLC)1201806750"
          },
          {
            "z": "(OCoLC)1201899559"
          },
          {
            "z": "(OCoLC)1202621985"
          }
        ]
      }
    },
    {
      "042": {
        "ind1": "\\",
        "ind2": "\\",
        "subfields": [
          {
            "a": "pcc"
          }
        ]
      }
    },
    {
      "050": {
        "ind1": "0",
        "ind2": "0",
        "subfields": [
          {
            "a": "HQ751"
          },
          {
            "b": ".C27 2001"
          }
        ]
      }
    },
    {
      "060": {
        "ind1": "0",
        "ind2": "0",
        "subfields": [
          {
            "a": "2006 B-661"
          }
        ]
      }
    },
    {
      "060": {
        "ind1": "1",
        "ind2": "0",
        "subfields": [
          {
            "a": "HQ 751"
          },
          {
            "b": "C284u 2002"
          }
        ]
      }
    },
    {
      "082": {
        "ind1": "0",
        "ind2": "0",
        "subfields": [
          {
            "a": "363.9209"
          },
          {
            "b": "CAR"
          }
        ]
      }
    },
    {
      "049": {
        "ind1": "\\",
        "ind2": "\\",
        "subfields": [
          {
            "a": "NYRV"
          }
        ]
      }
    },
    {
      "100": {
        "ind1": "1",
        "ind2": "\\",
        "subfields": [
          {
            "a": "Carlson, Elof Axel."
          }
        ]
      }
    },
    {
      "245": {
        "ind1": "1",
        "ind2": "4",
        "subfields": [
          {
            "a": "The unfit :"
          },
          {
            "b": "a history of a bad idea /"
          },
          {
            "c": "Elof Axel Carlson."
          }
        ]
      }
    },
    {
      "260": {
        "ind1": "\\",
        "ind2": "\\",
        "subfields": [
          {
            "a": "Cold Spring Harbor, N.Y. :"
          },
          {
            "b": "Cold Spring Harbor Laboratory Press,"
          },
          {
            "c": "\u00a92001."
          }
        ]
      }
    },
    {
      "300": {
        "ind1": "\\",
        "ind2": "\\",
        "subfields": [
          {
            "a": "xiv, 451 pages :"
          },
          {
            "b": "illustrations ;"
          },
          {
            "c": "24 cm"
          }
        ]
      }
    },
    {
      "336": {
        "ind1": "\\",
        "ind2": "\\",
        "subfields": [
          {
            "a": "text"
          },
          {
            "b": "txt"
          },
          {
            "2": "rdacontent"
          }
        ]
      }
    },
    {
      "337": {
        "ind1": "\\",
        "ind2": "\\",
        "subfields": [
          {
            "a": "unmediated"
          },
          {
            "b": "n"
          },
          {
            "2": "rdamedia"
          }
        ]
      }
    },
    {
      "338": {
        "ind1": "\\",
        "ind2": "\\",
        "subfields": [
          {
            "a": "volume"
          },
          {
            "b": "nc"
          },
          {
            "2": "rdacarrier"
          }
        ]
      }
    },
    {
      "504": {
        "ind1": "\\",
        "ind2": "\\",
        "subfields": [
          {
            "a": "Includes bibliographical references (pages 409-426) and index."
          }
        ]
      }
    },
    {
      "505": {
        "ind1": "0",
        "ind2": "\\",
        "subfields": [
          {
            "a": "Ch. 1. Who are the unfit? -- Ch. 2. The unfit in Biblical times -- Ch. 3. Self-pollution and declining health -- Ch. 4. Degeneracy theory: identifying the innately depraved and the victims of vicious upbringing -- Ch. 5. Dangerous classes and social degeneracy -- Ch. 6. Poor laws and the descent to degeneracy -- Ch. 7. The perfectibility of man confronts vice and misery -- Ch. 8. Evolutionary ethics before darwin -- Ch. 9. Hereditary units and the pessimism of the germ plasm -- Ch. 10. The Jukes and the tribe of Ishmael -- Ch. 11. A minor prophet of democracy -- Ch. 12. Isolating the unfit through compulsory sterilization -- Ch. 13. The emergence of two wings of the eugenics movement -- Ch. 14. Europe's undesirables replace the domestic unfit -- Ch. 15. Eugenics becomes an international movement -- Ch. 16. Racism and human inequality -- Ch. 17. Jews as people, race, culture, religion, and victims -- Ch. 18. The smoke of Auschwitz -- Ch. 19. The abandonment of eugenics by genetics -- Ch. 20. The future of eugenics -- Ch. 21. Dealing with life's imperfections."
          }
        ]
      }
    },
    {
      "530": {
        "ind1": "\\",
        "ind2": "\\",
        "subfields": [
          {
            "a": "Also available as an electronic book via the World Wide Web to institutions affiliated with NetLibrary, Inc."
          }
        ]
      }
    },
    {
      "520": {
        "ind1": "\\",
        "ind2": "\\",
        "subfields": [
          {
            "a": "Carlson's history of degeneracy theory, the idea that certain people are biologically disposed to become socially unfit or \"degenerate,\" examines the birth of both good and bad eugenics movements. While good eugenics movements focus on people whose needs may require intense social attention and expensive social investments, bad eugenics movements call for isolation if not eradication and genocide. He brings the history into the present day, where the potential misapplication of DNA science and social attitudes toward the human genome could lead to similar movements."
          }
        ]
      }
    },
    {
      "583": {
        "ind1": "1",
        "ind2": "\\",
        "subfields": [
          {
            "a": "Committed to retain"
          },
          {
            "c": "2020"
          },
          {
            "2": "pda"
          },
          {
            "5": "UkLeU"
          }
        ]
      }
    },
    {
      "650": {
        "ind1": "\\",
        "ind2": "0",
        "subfields": [
          {
            "a": "Eugenics"
          },
          {
            "x": "History."
          }
        ]
      }
    },
    {
      "650": {
        "ind1": "1",
        "ind2": "2",
        "subfields": [
          {
            "a": "Eugenics"
          },
          {
            "x": "history"
          },
          {
            "0": "(DNLM)D005053Q000266"
          }
        ]
      }
    },
    {
      "650": {
        "ind1": "\\",
        "ind2": "7",
        "subfields": [
          {
            "a": "Eugenics."
          },
          {
            "2": "fast"
          },
          {
            "0": "(OCoLC)fst00916432"
          }
        ]
      }
    },
    {
      "655": {
        "ind1": "\\",
        "ind2": "7",
        "subfields": [
          {
            "a": "History."
          },
          {
            "2": "fast"
          },
          {
            "0": "(OCoLC)fst01411628"
          }
        ]
      }
    },
    {
      "776": {
        "ind1": "0",
        "ind2": "8",
        "subfields": [
          {
            "i": "Online version:"
          },
          {
            "a": "Carlson, Elof Axel."
          },
          {
            "t": "Unfit."
          },
          {
            "d": "Cold Spring Harbor, N.Y. : Cold Spring Harbor Laboratory Press, \u00a92001"
          },
          {
            "w": "(OCoLC)632355095"
          }
        ]
      }
    },
    {
      "856": {
        "ind1": "4",
        "ind2": "1",
        "subfields": [
          {
            "3": "ebrary"
          },
          {
            "u": "http://site.ebrary.com/id/10006732"
          }
        ]
      }
    },
    {
      "856": {
        "ind1": "4",
        "ind2": "1",
        "subfields": [
          {
            "3": "EBSCOhost"
          },
          {
            "u": "http://search.ebscohost.com/login.aspx?direct=true&scope=site&db=nlebk&db=nlabk&AN=66639"
          }
        ]
      }
    },
    {
      "856": {
        "ind1": "4",
        "ind2": "1",
        "subfields": [
          {
            "u": "http://search.ebscohost.com/login.aspx?direct=true&scope=site&db=nlebk&db=nlabk&AN=66639"
          }
        ]
      }
    },
    {
      "856": {
        "ind1": "4",
        "ind2": "1",
        "subfields": [
          {
            "u": "https://ezproxy.vccs.edu/ezproxy-bin/eauth.plx?netlPH66639"
          },
          {
            "z": "An e-book available to PHCC users only. Consult library web site for more information."
          }
        ]
      }
    },
    {
      "856": {
        "ind1": "4",
        "ind2": "2",
        "subfields": [
          {
            "z": "Additional Information at Google Books"
          },
          {
            "u": "http://books.google.com/books?id=EoiTjLH3BqIC&source=gbs_navlinks_s"
          }
        ]
      }
    },
    {
      "999": {
        "ind1": "\\",
        "ind2": "\\",
        "subfields": [
          {
            "a": "00000000013284"
          }
        ]
      }
    },
    {
      "994": {
        "ind1": "\\",
        "ind2": "\\",
        "subfields": [
          {
            "a": "C0"
          },
          {
            "b": "NYRVC"
          }
        ]
      }
    }
  ]
}